@misc{bitcoin,
  title={Bitcoin: A peer-to-peer electronic cash system},
  author={Nakamoto, Satoshi},
  year={2008}
}

@article{bitcoinsoftware,
  title={Bitcoin open source implementation of P2P currency},
  author={Nakamoto, Satoshi},
  journal={P2P Foundation},
  volume={18},
  year={2009}
}

@inproceedings{KLS,
  title={Proofs of Proofs of Work with Sublinear Complexity},
  author={Kiayias, Aggelos and Lamprou, Nikolaos and Stouka, Aikaterini-Panagiota},
  booktitle={International Conference on Financial Cryptography and Data Security},
  pages={61--78},
  year={2016},
  organization={Springer}
}

@inproceedings{onscaling,
  title={On scaling decentralized blockchains},
  author={Croman, Kyle and Decker, Christian and Eyal, Ittay and Gencer, Adem Efe and Juels, Ari and Kosba, Ahmed and Miller, Andrew and Saxena, Prateek and Shi, Elaine and Sirer, Emin G{\"u}n and others},
  booktitle={International Conference on Financial Cryptography and Data Security},
  pages={106--125},
  year={2016},
  organization={Springer}
}

@article{velvet,
  title={(Short Paper) A Wild Velvet Fork Appears! Inclusive Blockchain Protocol Changes in Practice},
  author={Zamyatin, A and Stifter, N and Judmayer, A and Schindler, P and Weippl, E and Knottenbelt, W}
}

@inproceedings{merkle,
  title={A digital signature based on a conventional encryption function},
  author={Merkle, Ralph C},
  booktitle={Conference on the Theory and Application of Cryptographic Techniques},
  pages={369--378},
  year={1987},
  organization={Springer}
}

@online{highway,
  title={The high-value-hash highway, Bitcoin forum post},
  author={Miller, Andrew},
  year=2012,
  url={https://bitcointalk.org/index.php?topic=98986.0},
  urldate={2017-08-03}
}

@techreport{nipopows,
  title={Non-interactive proofs of proof-of-work},
  author={Kiayias, Aggelos and Miller, Andrew and Zindros, Dionysis},
  year={2017},
  institution={Cryptology ePrint Archive, Report 2017/963, 2017. Accessed: 2017-10-03}
}

@book{mastering,
  title={Mastering Bitcoin: unlocking digital cryptocurrencies},
  author={Antonopoulos, Andreas M},
  year={2014},
  publisher={" O'Reilly Media, Inc."}
}
